%مراجع خود را در این قسمت وارد کنید.
% دستوری برای کوچک کردن اندازه فونت‌ها 
%یک مثال را در زیر می‌بینید.
@article{baskar2011traffic,
	title={Traffic control and intelligent vehicle highway systems: a survey},
	author={Baskar, Lakshmi Dhevi and De Schutter, Bart and Hellendoorn, J and Papp, Zoltan},
	journal={IET Intelligent Transport Systems},
	volume={5},
	number={1},
	pages={38--52},
	year={2011},
	publisher={IET}
}